@article{chiappori2016jel,
  title={The econometrics of matching models},
  author={Chiappori, Pierre-Andr{\'e} and Salani{\'e}, Bernard},
  journal={Journal of Economic Literature},
  volume={54},
  number={3},
  pages={832--61},
  year={2016}
}

@book{listgaikou,
  title={Regular  route  of  ocean-going  ship  industry (Gaikou Teikikouro Ichiran)},
  author={{Japanese Shipowners' Association}},
  publisher={{Japanese Shipowners' Association}},
  year={1960-73}
}
@book{listroute,
  title={The list of shipping tonnage of ocean-going ship industry (Gaikousen Unkougyoubetsu Senpuku Kouseihyou},
  author={{Japanese Shipowners' Association}},
  publisher={{Japanese Shipowners' Association}},
  year={1960-73}
}
@book{jissou,
  title={The report of shipowners'  management (Keiei no jissou)},
  author={{Japanese Shipowners' Association}},
  publisher={{Japanese Shipowners' Association}},
  year={1960-73}
}

@book{syuuyaku,
  title={Documents related to the consolidation of shipping companies (Kaiun Kigyou Syuyaku Kankei Shiryo)},
  author={{Shipping Economic Research Institute}},
  year={1977},
  publisher={{Shipping Economic Research Institute Publisher}}
}

@book{book3,
  title={Postwar Japanese Shipping and Shipbuilding: The Struggle in the 1950s (Sengonihon no Kaiun to Zousen: 1950 nendai no kutou)},
  author={Keiichiro Nakagawa},
  year={1992},
  publisher={Nihon Keizai Hyouronsha}
}

@book{book4,
  title={High growth of Japanese shipping (NihonKaiun no Koudoseichou)},
  author={Tomohei Chida},
  volume={4},
  year={1993},
  publisher={Nihon Keizai Hyouronsha}
}

@book{book_kiseki,
  title={Struggle of Japanese shipping industry (NihonKaiun Shitou no Kiseki)},
  author={Takeo Yoda},
  year={1976},
  publisher={Shipping Journal}
}


@article{chen2013ijio,
  title={Two-sided matching in the loan market},
  author={Chen, Jiawei and Song, Kejun},
  journal={International Journal of Industrial Organization},
  volume={31},
  number={2},
  pages={145--152},
  year={2013},
  publisher={Elsevier}
}

@article{delgado2001el,
  title={Subsampling inference in cube root asymptotics with an application to Manski’s maximum score estimator},
  author={Delgado, Miguel A and Rodr{\i}guez-Poo, Juan M and Wolf, Michael},
  journal={Economics Letters},
  volume={73},
  number={2},
  pages={241--250},
  year={2001},
  publisher={Elsevier}
}



@article{diamond2017qe,
  title={Latent indices in assortative matching models},
  author={Diamond, William and Agarwal, Nikhil},
  journal={Quantitative Economics},
  volume={8},
  number={3},
  pages={685--728},
  year={2017},
  publisher={Wiley Online Library}
}

@article{fox2014toolkit,
  title={A toolkit for matching maximum score estimation and point and set identified subsampling inference},
  author={Fox, Jeremy T and Santiago, David},
  journal={Working paper, University of Michigan},
  year={2014},
  publisher={Citeseer}
}

@article{fox2018qe,
  title={Estimating matching games with transfers},
  author={Fox, Jeremy T},
  journal={Quantitative Economics},
  volume={9},
  number={1},
  pages={1--38},
  year={2018},
  publisher={Wiley Online Library}
}

@article{weese2015qe,
  title={Political mergers as coalition formation: An analysis of the Heisei municipal amalgamations},
  author={Weese, Eric},
  journal={Quantitative Economics},
  volume={6},
  number={2},
  pages={257--307},
  year={2015},
  publisher={Wiley Online Library}
}

@article{agarwal2015aer,
  title={An empirical model of the medical match},
  author={Agarwal, Nikhil},
  journal={American Economic Review},
  volume={105},
  number={7},
  pages={1939--78},
  year={2015}
}

@article{menzel2015ecta,
  title={Large matching markets as two-sided demand systems},
  author={Menzel, Konrad},
  journal={Econometrica},
  volume={83},
  number={3},
  pages={897--941},
  year={2015},
  publisher={Wiley Online Library}
}

@article{fox2010qe,
  title={Identification in matching games},
  author={Fox, Jeremy T},
  journal={Quantitative Economics},
  volume={1},
  number={2},
  pages={203--254},
  year={2010},
  publisher={Wiley Online Library}
}

@article{fox2013aej,
  title={Measuring the efficiency of an FCC spectrum auction},
  author={Fox, Jeremy T and Bajari, Patrick},
  journal={American Economic Journal: Microeconomics},
  volume={5},
  number={1},
  pages={100--146},
  year={2013}
}

@article{akkus2015ms,
  title={The determinants of bank mergers: A revealed preference analysis},
  author={Akkus, Oktay and Cookson, J Anthony and Hortacsu, Ali},
  journal={Management Science},
  volume={62},
  number={8},
  pages={2241--2258},
  year={2015},
  publisher={INFORMS}
}

@article{mankiw1986rand,
  title={Free entry and social inefficiency},
  author={Mankiw, N Gregory and Whinston, Michael D},
  journal={The RAND Journal of Economics},
  pages={48--58},
  year={1986},
  publisher={JSTOR}
}

@article{takahashi2015aer,
  title={Estimating a war of attrition: The case of the us movie theater industry},
  author={Takahashi, Yuya},
  journal={American Economic Review},
  volume={105},
  number={7},
  pages={2204--41},
  year={2015}
}

@article{waldfogel1999free,
  title={Free Entry and Social Inefficiency in Radio Broadcasting},
  author={Berry, Steven T and Waldfogel, Joel},
  journal={RAND Journal of Economics},
  volume={30},
  number={3},
  pages={397--420},
  year={1999}
}

@book{tirole1988TIO,
  title={The theory of industrial organization},
  author={Tirole, Jean},
  year={1988},
  publisher={MIT press}
}

@article{kalouptsidi2017res,
  title={Detection and impact of industrial subsidies: The case of Chinese shipbuilding},
  author={Kalouptsidi, Myrto},
  journal={The Review of Economic Studies},
  volume={85},
  number={2},
  pages={1111--1158},
  year={2017},
  publisher={Oxford University Press}
}

@article{kalouptsidi2014aer,
  title={Time to build and fluctuations in bulk shipping},
  author={Kalouptsidi, Myrto},
  journal={American Economic Review},
  volume={104},
  number={2},
  pages={564--608},
  year={2014}
}

@article{suzumura1987res,
  title={Entry barriers and economic welfare},
  author={Suzumura, Kotaro and Kiyono, Kazuharu},
  journal={The Review of Economic Studies},
  volume={54},
  number={1},
  pages={157--167},
  year={1987},
  publisher={Wiley-Blackwell}
}

@unpublished{uetake2019entry,
  title={Entry by merger: Estimates from a two-sided matching model with externalities},
  author={Uetake, Kosuke and Watanabe, Yasutora},
  institution={Yale University},
  note = {Working paper, Yale University},
  year={2019}
}

@article{stahl2016aer,
  title={Effects of deregulation and consolidation of the broadcast television industry},
  author={Stahl, Jessica Calfee},
  journal={American Economic Review},
  volume={106},
  number={8},
  pages={2185--2218},
  year={2016}
}

@article{baccara2012aer,
  title={A field study on matching with network externalities},
  author={Baccara, Mariagiovanna and {\.I}mrohoro{\u{g}}lu, Ay{\c{s}}e and Wilson, Alistair J and Yariv, Leeat},
  journal={American Economic Review},
  volume={102},
  number={5},
  pages={1773--1804},
  year={2012}
}

@article{whinston2007handbook,
  title={Antitrust policy toward horizontal mergers},
  author={Whinston, Michael D},
  journal={Handbook of industrial organization},
  volume={3},
  pages={2369--2440},
  year={2007},
  publisher={Elsevier}
}

@unpublished{kawai2011wp,
  title={Auction Design and the Incentives to Invest: Evidence from Procurement Auctions},
  author={Kawai, Kei},
  note = {Working paper, NYU Stern},
  year={2011}
}
@article{baldwin1969jpe,
  title={The case against infant-industry tariff protection},
  author={Baldwin, Robert E},
  journal={Journal of Political Economy},
  volume={77},
  number={3},
  pages={295--305},
  year={1969},
  publisher={The University of Chicago Press}
}

@article{igami2019mergers,
  title={Mergers, innovation, and entry-exit dynamics: Consolidation of the hard disk drive industry, 1996--2016},
  author={Igami, Mitsuru and Uetake, Kosuke},
  journal={The Review of Economic Studies},
  volume={87},
  number={6},
  pages={2672--2702},
  year={2020},
  publisher={Oxford University Press}
}

@article{gordon2009jpub,
  title={A spatial merger estimator with an application to school district consolidation},
  author={Gordon, Nora and Knight, Brian},
  journal={Journal of Public Economics},
  volume={93},
  number={5-6},
  pages={752--765},
  year={2009},
  publisher={Elsevier}
}

@article{fox2018jpe,
  title={Unobserved heterogeneity in matching games},
  author={Fox, Jeremy T and Yang, Chenyu and Hsu, David H},
  journal={Journal of Political Economy},
  volume={126},
  number={4},
  pages={1339--1373},
  year={2018},
  publisher={University of Chicago Press Chicago, IL}
}

@article{fox2019externality,
  title={Geographic Expansion Mergers and FCC Spectrum Policy: Estimating a Matching Game with Externalities},
  author={Fox, Jeremy T and Hector Perez-Saiz},
  journal={Incomplete version slides},
  year={2019},
  publisher={University of Chicago Press Chicago, IL}
}

@unpublished{galichon2015cupid,
  title={Cupid’s invisible hand: Social surplus and identification in matching models},
  author={Galichon, Alfred and Salani{\'e}, Bernard},
  year={2015},
  note = {Working Paper, Columbia University}
}



@article{azevedo2018existence,
  title={Existence of equilibrium in large matching markets with complementarities},
  author={Azevedo, Eduardo M and Hatfield, John William},
  journal={Available at SSRN 3268884},
  year={2018}
}

@article{che2019stable,
  title={Stable matching in large economies},
  author={Che, Yeon-Koo and Kim, Jinwoo and Kojima, Fuhito},
  journal={Econometrica},
  volume={87},
  number={1},
  pages={65--110},
  year={2019},
  publisher={Wiley Online Library}
}

@article{choo2006marries,
  title={Who marries whom and why},
  author={Choo, Eugene and Siow, Aloysius},
  journal={Journal of Political Economy},
  volume={114},
  number={1},
  pages={175--201},
  year={2006},
  publisher={The University of Chicago Press}
}

@techreport{vissing2017one,
  title={One-to-many matching with complementary preferences: An empirical study of natural gas lease quality and market power},
  author={Vissing, Ashley},
  year={2017},
  institution={Technical Report, Duke University.[686, 690, 701]}
}

@unpublished{chiappori2014roommate,
  title={The Roommate Problem-Is More Stable Than You Think},
  author={Chiappori, Pierre-Andr{\'e} and Galichon, Alfred and Salani{\'e}, Bernard},
  year={2014},
  note = {Working Paper, CESifo Working Paper Series No. 4676},
  institution={CESifo}
}

@article{aguirregabiria2016diversification,
  title={Diversification of geographic risk in retail bank networks: evidence from bank expansion after the Riegle-Neal Act},
  author={Aguirregabiria, Victor and Clark, Robert and Wang, Hui},
  journal={The RAND Journal of Economics},
  volume={47},
  number={3},
  pages={529--572},
  year={2016},
  publisher={Wiley Online Library}
}

@article{gowrisankaran1999dynamic,
  title={A dynamic model of endogenous horizontal mergers},
  author={Gowrisankaran, Gautam},
  journal={The RAND Journal of Economics},
  pages={56--83},
  year={1999},
  publisher={JSTOR}
}


@article{yang2017could,
  title={Could Vertical Integration Increase Innovation?},
  author={Yang, Chenyu},
  year={2017},
  publisher={Simon Business School Working Paper No. FR 17-05}
}

@article{jeziorski2014effects,
  title={Effects of mergers in two-sided markets: The US radio industry},
  author={Jeziorski, Przemys{\l}aw},
  journal={American Economic Journal: Microeconomics},
  volume={6},
  number={4},
  pages={35--73},
  year={2014}
}

@article{jeziorski2014estimation,
  title={Estimation of cost efficiencies from mergers: Application to US radio},
  author={Jeziorski, Przemys{\l}aw},
  journal={The RAND Journal of Economics},
  volume={45},
  number={4},
  pages={816--846},
  year={2014},
  publisher={Wiley Online Library}
}

@article{politis1994large,
  title={Large sample confidence regions based on subsamples under minimal assumptions},
  author={Politis, Dimitris N and Romano, Joseph P},
  journal={The Annals of Statistics},
  pages={2031--2050},
  year={1994},
  publisher={JSTOR}
}


@article{chiappori2017partner,
  title={Partner choice, investment in children, and the marital college premium},
  author={Chiappori, Pierre-Andr{\'e} and Salani{\'e}, Bernard and Weiss, Yoram},
  journal={American Economic Review},
  volume={107},
  number={8},
  pages={2109--67},
  year={2017}
}

@article{okumura2017one,
  title={A one-sided many-to-many matching problem},
  author={Okumura, Yasunori},
  journal={Journal of Mathematical Economics},
  volume={72},
  pages={104--111},
  year={2017},
  publisher={Elsevier}
}

@article{hitsch2010matching,
  title={Matching and sorting in online dating},
  author={Hitsch, Gunter J and Horta{\c{c}}su, Ali and Ariely, Dan},
  journal={American Economic Review},
  volume={100},
  number={1},
  pages={130--63},
  year={2010}
}


@article{suzumura2012excess,
  title={Excess entry theorems after 25 years},
  author={Suzumura, Kotaro},
  journal={The Japanese Economic Review},
  volume={63},
  number={2},
  pages={152--170},
  year={2012},
  publisher={Wiley Online Library}
}

@article{gale1962college,
  title={College admissions and the stability of marriage},
  author={Gale, David and Shapley, Lloyd S},
  journal={The American Mathematical Monthly},
  volume={69},
  number={1},
  pages={9--15},
  year={1962},
  publisher={Taylor \& Francis}
}

@article{hatfield2005matching,
  title={Matching with contracts},
  author={Hatfield, John William and Milgrom, Paul R},
  journal={American Economic Review},
  volume={95},
  number={4},
  pages={913--935},
  year={2005}
}

@article{berry2019do,
Author = {Berry, Steven and Gaynor, Martin and Scott Morton, Fiona},
Title = {Do Increasing Markups Matter? Lessons from Empirical Industrial Organization},
Journal = {Journal of Economic Perspectives},
Volume = {33},
Number = {3},
Year = {2019},
Month = {August},
Pages = {44-68},
DOI = {10.1257/jep.33.3.44},
URL = {http://www.aeaweb.org/articles?id=10.1257/jep.33.3.44}}


@article{boik2019fighting,
Author = {Boik, Andre and Takahashi, Hidenori},
Title = {Fighting Bundles: The Effects of Competition on Second-Degree Price Discrimination},
Journal = {American Economic Journal: Microeconomics},
Volume = {12},
Number = {1},
Year = {2020},
Month = {February},
Pages = {156-87},
DOI = {10.1257/mic.20180303},
URL = {http://www.aeaweb.org/articles?id=10.1257/mic.20180303}}

@article{echenique2013revealed,
  title={The revealed preference theory of stable and extremal stable matchings},
  author={Echenique, Federico and Lee, Sangmok and Shum, Matthew and Yenmez, M Bumin},
  journal={Econometrica},
  volume={81},
  number={1},
  pages={153--171},
  year={2013},
  publisher={Wiley Online Library}
}


@article{yang2009estimating,
  title={Estimating the value of brand alliances in professional team sports},
  author={Yang, Yupin and Shi, Mengze and Goldfarb, Avi},
  journal={Marketing Science},
  volume={28},
  number={6},
  pages={1095--1111},
  year={2009},
  publisher={INFORMS}
}

@article{pan2015determinant,
author = {Pan, Yihui},
title = {The Determinants and Impact of Executive-Firm Matches},
journal = {Management Science},
volume = {63},
number = {1},
pages = {185-200},
year = {2017},
doi = {10.1287/mnsc.2015.2278},

URL = { 
        https://doi.org/10.1287/mnsc.2015.2278
    
},
eprint = { 
        https://doi.org/10.1287/mnsc.2015.2278
    
}
}

@article{chen2013two,
  title={Two-sided matching in the loan market},
  author={Chen, Jiawei and Song, Kejun},
  journal={International Journal of Industrial Organization},
  volume={31},
  number={2},
  pages={145--152},
  year={2013},
  publisher={Elsevier}
}

@article{pan2017determinants,
  title={The determinants and impact of executive-firm matches},
  author={Pan, Yihui},
  journal={Management Science},
  volume={63},
  number={1},
  pages={185--200},
  year={2017},
  publisher={INFORMS}
}

@article{bajari2008evaluating,
  title={Evaluating wireless carrier consolidation using semiparametric demand estimation},
  author={Bajari, Patrick and Fox, Jeremy T and Ryan, Stephen P},
  journal={Quantitative Marketing and Economics},
  volume={6},
  number={4},
  pages={299},
  year={2008},
  publisher={Springer}
}

@article{shapley1971assignment,
  title={The assignment game I: The core},
  author={Shapley, Lloyd S and Shubik, Martin},
  journal={International Journal of game theory},
  volume={1},
  number={1},
  pages={111--130},
  year={1971},
  publisher={Springer}
}

@online{nostalgic,
 author = {Fumio Nagasawa},
 title = {Nostalgic Japanese Steamship},
 url = "\url{http://jpnships.g.dgdg.jp/}",
 year={2020},
 note = {Accessed: 2020-04-09}
}


@article{chiappori2019human,
  title={On human capital and team stability},
  author={Chiappori, Pierre-Andr{\'e} and Salani{\'e}, Bernard and Galichon, Alfred},
  journal={Journal of Human Capital},
  volume={13},
  number={2},
  pages={236--259},
  year={2019},
  publisher={The University of Chicago Press Chicago, IL}
}


@article{perez2015building,
  title={Building new plants or entering by acquisition? Firm heterogeneity and entry barriers in the US cement industry},
  author={Perez-Saiz, Hector},
  journal={The RAND Journal of Economics},
  volume={46},
  number={3},
  pages={625--649},
  year={2015},
  publisher={Wiley Online Library}
}

@article{notteboom2004container,
  title={Container shipping and ports: an overview},
  author={Notteboom, Theo E},
  journal={Review of network economics},
  volume={3},
  number={2},
  year={2004},
  publisher={De Gruyter}
}

@article{jeon2022learning,
  title={Learning and investment under demand uncertainty in container shipping},
  author={Jeon, Jihye},
  journal={The RAND Journal of Economics},
  volume={53},
  number={1},
  pages={226--259},
  year={2022},
  publisher={Wiley Online Library}
}

@article{chida1990japanese,
  title={The Japanese shipping and shipbuilding industries},
  author={Chida, Tomohei and Davies, Peter N},
  journal={International Journal of Maritime History},
  volume={2},
  number={2},
  pages={241--245},
  year={1990},
  publisher={SAGE Publications Sage UK: London, England}
}

@techreport{barwick2019china,
  title = "China’s Industrial Policy: an Empirical Evaluation",
 author = "Barwick, Panle Jia and Kalouptsidi, Myrto and Zahur, Nahim Bin",
 institution = "National Bureau of Economic Research",
 type = "Working Paper",
 series = "Working Paper Series",
 number = "26075",
 year = "2019",
 month = "July",
 doi = {10.3386/w26075},
 URL = "http://www.nber.org/papers/w26075",
 abstract = {Despite the historic prevalence of industrial policy and its current popularity, few empirical studies directly evaluate its welfare consequences. This paper examines an important industrial policy in China in the 2000s, aiming to propel the country’s shipbuilding industry to the largest globally. Using comprehensive data on shipyards worldwide and a dynamic model of firm entry, exit, investment, and production, we find that the scale of the policy was massive and boosted China’s domestic investment, entry, and world market share dramatically. On the other hand, it created sizable distortions and led to increased industry fragmentation and idleness. The effectiveness of different policy instruments is mixed: production and investment subsidies can be justified by market share considerations, but entry subsidies are wasteful. Finally, the distortions could have been significantly reduced by implementing counter-cyclical policies and by targeting subsidies towards more productive firms.},
}

@article{romano2008inference,
  title={Inference for identifiable parameters in partially identified econometric models},
  author={Romano, Joseph P and Shaikh, Azeem M},
  journal={Journal of Statistical Planning and Inference},
  volume={138},
  number={9},
  pages={2786--2807},
  year={2008},
  publisher={Elsevier}
}

@article{kim1990cube,
  title={Cube root asymptotics},
  author={Kim, Jeankyung and Pollard, David and others},
  journal={The Annals of Statistics},
  volume={18},
  number={1},
  pages={191--219},
  year={1990},
  publisher={Institute of Mathematical Statistics}
}

@article{han1987non,
  title={Non-parametric analysis of a generalized regression model: the maximum rank correlation estimator},
  author={Han, Aaron K},
  journal={Journal of Econometrics},
  volume={35},
  number={2-3},
  pages={303--316},
  year={1987},
  publisher={Elsevier}
}

@article{manski1975maximum,
  title={Maximum score estimation of the stochastic utility model of choice},
  author={Manski, Charles F},
  journal={Journal of econometrics},
  volume={3},
  number={3},
  pages={205--228},
  year={1975},
  publisher={Elsevier}
}

@unpublished{stahl2011dynamic,
  title={A dynamic analysis of consolidation in the broadcast television industry},
  author={Stahl, Jessica C},
  institution={Federal Reserve Board.},
  note = {Working paper, Federal Reserve Board.},
  year={2011}
}

@book{branch2013maritime,
  title={Maritime economics},
  author={Branch, Alan and Stopford, Martin},
  year={2013},
  publisher={Routledge}
}

@article{storn1997differential,
  title={Differential evolution--a simple and efficient heuristic for global optimization over continuous spaces},
  author={Storn, Rainer and Price, Kenneth},
  journal={Journal of global optimization},
  volume={11},
  number={4},
  pages={341--359},
  year={1997},
  publisher={Springer}
}

@article{sherman1993limiting,
  title={The limiting distribution of the maximum rank correlation estimator},
  author={Sherman, Robert P},
  journal={Econometrica: Journal of the Econometric Society},
  pages={123--137},
  year={1993},
  publisher={JSTOR}
}


@article{molinari2020microeconometrics,
  title={Microeconometrics with Partial Identification},
  author={Molinari, Francesca},
  journal={Handbook of econometrics},
  volume={7A},
  pages={355--486},
  year={2020}
}

@article{nishiwaki2016horizontal,
  title={Horizontal mergers and divestment dynamics in a sunset industry},
  author={Nishiwaki, Masato},
  journal={The RAND Journal of Economics},
  volume={47},
  number={4},
  pages={961--997},
  year={2016},
  publisher={Wiley Online Library}
}

@article{ciliberto2009market,
  title={Market structure and multiple equilibria in airline markets},
  author={Ciliberto, Federico and Tamer, Elie},
  journal={Econometrica},
  volume={77},
  number={6},
  pages={1791--1828},
  year={2009},
  publisher={Wiley Online Library}
}

@incollection{uetake2013estimating,
  title={Estimating supermodular games using rationalizable strategies},
  author={Uetake, Kosuke and Watanabe, Yasutora},
  booktitle={Structural Econometric Models},
  year={2013},
  publisher={Emerald Group Publishing Limited}
}

@article{aradillas2008identification,
  title={The identification power of equilibrium in simple games},
  author={Aradillas-Lopez, Andres and Tamer, Elie},
  journal={Journal of Business \& Economic Statistics},
  volume={26},
  number={3},
  pages={261--283},
  year={2008},
  publisher={Taylor \& Francis}
}

@article{rosen2019finite,
  title={Finite Sample Inference for the Maximum Score Estimand},
  author={Rosen, Adam M and Ura, Takuya},
  journal={arXiv preprint arXiv:1903.01511},
  year={2019}
}

@article{fox2017specifying,
  title={Specifying a structural matching game of trading networks with transferable utility},
  author={Fox, Jeremy T},
  journal={American Economic Review},
  volume={107},
  number={5},
  pages={256--60},
  year={2017}
}

@unpublished{nishida2015better,
  title={Better Together? Retail Chain Performance Dynamics in Store Expansion Before and After Mergers},
  institution={Yale University},
  note = {Working paper, Yale University},
  author={Nishida, Mitsukuni and Yang, Nathan},
  year={2015}
}

@article{hollenbeck2020horizontal,
  title={Horizontal mergers and innovation in concentrated industries},
  author={Hollenbeck, Brett},
  journal={Quantitative Marketing and Economics},
  volume={18},
  number={1},
  pages={1--37},
  year={2020},
  publisher={Springer}
}

@article{qiu2007merger,
  title={Merger waves: a model of endogenous mergers},
  author={Qiu, Larry D and Zhou, Wen},
  journal={The Rand Journal of Economics},
  volume={38},
  number={1},
  pages={214--226},
  year={2007},
  publisher={Wiley Online Library}
}

@article{gowrisankaran2004mergers,
  title={Mergers and the evolution of industry concentration: results from the dominant-firm model},
  author={Gowrisankaran, Gautam and Holmes, Thomas J},
  journal={RAND Journal of Economics},
  pages={561--582},
  year={2004},
  publisher={JSTOR}
}

@techreport{miller2019optimal,
  title = "Optimal Managed Competition Subsidies",
 author = "Miller, Keaton S and Petrin, Amil and Town, Robert and Chernew, Michael",
 institution = "National Bureau of Economic Research",
 type = "Working Paper",
 series = "Working Paper Series",
 number = "25616",
 year = "2019",
 month = "February",
 doi = {10.3386/w25616},
 URL = "http://www.nber.org/papers/w25616"
}

@unpublished{subbotin2007asymptotic,
  title={Asymptotic and bootstrap properties of rank regressions},
  author={Subbotin, Viktor},
  note = {Working paper, Northwestern University},
  year={2007}
}

@article{otani2021matching_cost,
  title={Practical improvement of estimation accuracy and identification of matching costs in transferable utility matching games.},
  author={Otani, Suguru},
  journal={Incomplete version slides},
  year={2021}
}
@article{okazaki2022,
title={Excess Capacity and Effectiveness of Policy Interventions: Evidence from the cement industry},
  author={Okazaki, Tetsuji and Onishi, Ken and Wakamori, Naoki},
  journal={International Economic Review},
  volume={63},
  number={2},
  pages={883--915},
  year={2022},
  publisher={Wiley Online Library}
}

@article{clark2020incentivized,
  author = {Clark, Robert and Samano, Mario},
title = {Incentivized Mergers and Cost Efficiency: Evidence from the Electricity Distribution Industry*},
journal = {The Journal of Industrial Economics},
volume = {70},
number = {4},
pages = {791-837},
doi = {https://doi.org/10.1111/joie.12310},
url = {https://onlinelibrary.wiley.com/doi/abs/10.1111/joie.12310},
eprint = {https://onlinelibrary.wiley.com/doi/pdf/10.1111/joie.12310},
abstract = {We propose an endogenous merger algorithm to evaluate the impact of government-provided incentives on consolidation patterns for services such as electricity distributors, school boards, hospitals and municipalities. The algorithm replicates the observed industry reconfiguration, with calibrated parameters used to simulate consolidation patterns that would have resulted from policy incentives. We apply the method to the case of Ontario, where transfer tax reductions have been proposed to incentivize consolidation of electricity distributors. We find that the proposed incentive would have no impact on efficiency and consolidation, and even subsidies would still leave many more electricity distributors than desired by policy makers.},
year = {2022}
}


@techreport{holmes2018indivisibilities,
 title = "Indivisibilities in Distribution",
 author = "Holmes, Thomas J and Singer, Ethan",
 institution = "National Bureau of Economic Research",
 type = "Working Paper",
 series = "Working Paper Series",
 number = "24525",
 year = "2018",
 month = "April",
 doi = {10.3386/w24525},
 URL = "http://www.nber.org/papers/w24525",
 abstract = {This paper develops and estimates a model of indivisibilities in shipping and economies of scale in consolidation. It uses highly detailed data on imports for which it is possible to observe the contents of individual containers. In the model, a firm is able to adapt to indivisibility constraints by using consolidation strategies, and by determining how dense to make its distribution network in both space and time. Indivisibilities are found to create significant scale economies in distribution.},
}

@incollection{agarwal2021market,
  title={Market design},
  author={Agarwal, Nikhil and Budish, Eric},
  booktitle={Handbook of Industrial Organization},
  volume={5},
  number={1},
  pages={1--79},
  year={2021},
  publisher={Elsevier}
}



@article{matsuda2022unified,
  title={Unified container shipping industry data from 1966: Freight rate, shipping quantity, newbuilding, secondhand, and scrap price},
  author={Otani, Suguru and Matsuda, Takuma},
  journal={Transportation Research Part E: Logistics and Transportation Review},
  volume={176},
  pages={103186},
  year={2023},
  publisher={Elsevier}
}


@article{otani2023industry,
  title={Industry Dynamics with Shipping Cartels: The Case of the Container Shipping Industry},
  author={Otani, Suguru},
  journal={Working Paper},
  year={2023}
}